@online{Oracle,
	author = {Oracle},
	title = {What Is a Chatbot?},
	year = {2019},
	url = {https://www.oracle.com/uk/solutions/chatbots/what-is-a-chatbot/}
}

@online{ChatBotPros,
	author = {EXASTAX},
	title = {Top 7 Benefits of Chatbot for your business?},
	year = {2019},
	url = {https://www.exastax.com/artificial-intelligence/top-7-benefits-of-chatbots/}
}

@online{ChatBotProsCons,
	author = {ECN},
	title = {CHATBOTS: ADVANTAGES AND DISADVANTAGES OF THESE TOOLS},
	year = {2019},
	url = {https://www.ecommerce-nation.com/chatbots-advantages-and-disadvantages-of-these-tools/}
}

@online{NLPIntro,
	author = {Michael J. Garbade},
	title = {A Simple Introduction to Natural Language Processing},
	year = {2018},
	url = {https://becominghuman.ai/a-simple-introduction-to-natural-language-processing-ea66a1747b32}
}

   
